% This file was created with Citavi 5.4.0.2

@Misc{jahresbericht,
	author =   {Claudia Gersdorf},
	title =    {Viva con Agua Jahresbericht},
	howpublished = {\url{https://issuu.com/vivaconagua/docs/00_vca_jahresbericht_2016_low/}},
	month =    sep,
	year =     2017}


@Misc{vca,
	author =   {Claudia Gersdorf},
	title =    {Viva con Agua Zahlen \& Fakten},
	howpublished = {\url{https://www.vivaconagua.org/presse/pressematerial/20150107_VivaConAgua_Zahlen&Fakten.pdf/}},
	month =    sep,
	year =     2017}

@Misc{CC,
	author =   {Peter Mell},
	title =    {The NIST Definition of Cloud Computing},
	howpublished = {\url{http://nvlpubs.nist.gov/nistpubs/Legacy/SP/nistspecialpublication800-145.pdf/}},
	month =    9,
	year =     2017}

@book{3864903130,
	Author = {Eberhard Wolff},
	Title = {Microservices: Grundlagen flexibler Softwarearchitekturen},
	Publisher = {dpunkt.verlag GmbH},
	Year = {2015},
	ISBN = {3864903130},
	URL = {https://www.amazon.de/Microservices-Grundlagen-Softwarearchitekturen-Eberhard-Wolff/dp/3864903130/ref=sr_1_1?ie=UTF8&qid=1504789395&sr=8-1&keywords=microservices+wolff}
}

@Misc{CRM,
	author =   {Wolfgang Schwetz},
	title =    {Klassisches CRM und CRM 2.0 klar unterschieden},
	howpublished = {\url{http://www.crmforum.de/crm-news/2011/Oktober/klassisches-crm-und-crm-2.0-klar-unterschieden.html/}},
	month =    9,
	year =     2017}

@Misc{CD,
	author =   {Rudolf Esch},
	title =    {Corporate Design},
	howpublished = {\url{http://wirtschaftslexikon.gabler.de/Definition/corporate-design.html/}},
	month =    9,
	year =     2017}

@book{1617290750,
	Author = {Michael Mikowski},
	Title = {Single Page Web Applications},
	Publisher = {Manning},
	Year = {2015},
	ISBN = {1617290750},
	URL = {https://www.amazon.de/Single-Page-Applications-Michael-Mikowski/dp/1617290750/ref=sr_1_2?ie=UTF8&qid=1504790540&sr=8-2&keywords=single+page+applications}
}

@book{1586489569,
	Author = {Muhammad Yunus},
	Title = {Building Social Business: The New Kind of Capitalism that Serves Humanity's Most Pressing Needs},
	Publisher = {PublicAffairs},
	Year = {2011},
	ISBN = {1586489569},
	URL = {https://www.amazon.de/Building-Social-Business-Capitalism-Humanitys/dp/1586489569/ref=sr_1_1?ie=UTF8&qid=1504793584&sr=8-1&keywords=Building+Social+Business}
}

@Misc{VS,
	author =   {Pietro Saccomani},
	title =    {Native, Web or Hybrid Apps? What's the difference?},
	howpublished = {\url{https://www.mobiloud.com/blog/web-hybrid-native-apps/}},
	month =    9,
	year =     2017}

@Misc{HTML,
	author =   {Peter Kroener},
	title =    {HTML5 ist Webstandard – die wichtigsten Fakten?},
	howpublished = {\url{http://www.peterkroener.de/html5-ist-webstandard-die-wichtigsten-fakten/}},
	month =    9,
	year =     2017}

@Misc{SAML,
	author =   {Dirk Krafzig},
	title =    {SAML - Eine Einführung},
	howpublished = {\url{https://jaxenter.de/anwendungssicherheit-saml-eine-einfuehrung-18066/}},
	month =    9,
	year =     2017}

@Misc{Basic,
	author =   {IETF},
	title =    {RFC 2617: HTTP Authentication: Basic and Digest Access Authentication},
	howpublished = {\url{https://tools.ietf.org/html/rfc2617}},
	month =    9,
	year =     2017}

@Misc{OAuth,
	author =   {IETF},
	title =    {RFC 6769: The OAuth 2.0 Authorization Framework},
	howpublished = {\url{https://tools.ietf.org/html/rfc6749}},
	month =    9,
	year =     2017}

@Misc{Firebase,
	author =   {Google Inc.},
	title =    {Firebase},
	howpublished = {\url{https://firebase.google.com/}},
	month =    9,
	year =     2017}

@book{3836219972,
	Author = {Andreas Kühnel},
	Title = {Visual C\# 2012: Das umfassende Handbuch},
	Publisher = {Galileo Computing},
	Year = {2012},
	ISBN = {3836219972},
	URL = {https://www.amazon.de/Visual-2012-Spracheinf%C3%BChrung-Objektorientierung-Programmiertechniken/dp/3836219972/ref=sr_1_2?ie=UTF8&qid=1504791182&sr=8-2&keywords=Visual+C%23+2012}
}

@article{column,
	author  = {Shen Lin and Brian W. Kernighan},
	title   = {Column-Stores vs. Row-Stores: How Different Are They
	Really?},
	journal = {SIGMOD’08},
	year    = {2008}
}

@Misc{XS,
	author =  {Ronald Silberstein},
	title =    {Introducing...SAP HANA Extended Application Services (XS)},
	howpublished = {\url{https://archive.sap.com/documents/docs/DOC-60322/}},
	month =    9,
	year =     2017}

@Misc{XSJS,
	author =  {Thomas Jung},
	title =    {ISAP HANA Extended Application Services},
	howpublished = {\url{https://blogs.sap.com/2012/11/29/sap-hana-extended-application-services/}},
	month =    9,
	year =     2017}

@book{3836238675,
	Author = {Stefan Kühnlein},
	Title = {Native Anwendungsentwicklung mit SAP HANA: Echtzeitanwendungen mit SAP HANA XS},
	Publisher = {SAP PRESS},
	Year = {2016},
	ISBN = {3836238675},
	URL = {https://www.amazon.de/Native-Anwendungsentwicklung-mit-HANA-Echtzeitanwendungen/dp/3836238675}
}

@Misc{ODATA,
	author =   {Holger Schwichtenberg},
	title =    {Erklärung des Begriffs: Open Data Protocol (ODATA)},
	howpublished = {\url{http://www.dotnet-akademie.de/glossar/alle/5905/Open_Data_Protocol.aspx}},
	month =    9,
	year =     2017}
